@ARTICLE{2016A&C....15....1N,
       author = {{Nord}, B. and {Amara}, A. and {R{\'e}fr{\'e}gier}, A. and
         {Gamper}, La. and {Gamper}, Lu. and {Hambrecht}, B. and {Chang}, C. and
         {Forero-Romero}, J.~E. and {Serrano}, S. and {Cunha}, C. and
         {Coles}, O. and {Nicola}, A. and {Busha}, M. and {Bauer}, A. and
         {Saunders}, W. and {Jouvel}, S. and {Kirk}, D. and {Wechsler}, R.},
        title = "{SPOKES: An end-to-end simulation facility for spectroscopic cosmological surveys}",
      journal = {Astronomy and Computing},
     keywords = {Computation, Cosmology, Simulation, Spectroscopy, Extragalactic, Galaxies, Astrophysics - Instrumentation and Methods for Astrophysics, Astrophysics - Cosmology and Nongalactic Astrophysics},
         year = "2016",
        month = "Apr",
       volume = {15},
        pages = {1-15},
          doi = {10.1016/j.ascom.2016.02.001},
archivePrefix = {arXiv},
       eprint = {1602.01480},
 primaryClass = {astro-ph.IM},
       adsurl = {https://ui.adsabs.harvard.edu/abs/2016A&C....15....1N},
      adsnote = {Provided by the SAO/NASA Astrophysics Data System}
}


@INPROCEEDINGS{2014SPIE.9150E..23S,
   author = {{Saunders}, W. and {Smedley}, S. and {Gillingham}, P. and {Forero-Romero}, J.~E. and 
	{Jouvel}, S. and {Nord}, B.},
    title = "{Target allocation yields for massively multiplexed spectroscopic surveys with fibers}",
booktitle = {Modeling, Systems Engineering, and Project Management for Astronomy VI},
     year = 2014,
   series = {\procspie},
   volume = 9150,
archivePrefix = "arXiv",
   eprint = {1406.1787},
 primaryClass = "astro-ph.IM",
    month = aug,
      eid = {915023},
    pages = {915023},
      doi = {10.1117/12.2057299},
   adsurl = {http://adsabs.harvard.edu/abs/2014SPIE.9150E..23S},
  adsnote = {Provided by the SAO/NASA Astrophysics Data System}
}
